@article{fernandez2016super,
  title={Super-resolution of point sources via convex programming},
  author={Fernandez-Granda, Carlos},
  journal={Information and Inference: A Journal of the IMA},
  volume=5,
  number=3,
  pages={251--303},
  year=2016,
  publisher={Oxford University Press}
}
